@article{imapbook,
  title={IMAPBOOK: Engaging Young Readers with Games},
  author={Gill, Grandon and Smith, Glenn Gordon},
  journal={Journal of Information Technology Education: Discussion Cases},
  volume={2},
  number={1},
  year={2013},
  publisher={Informing Science Institute}
}

@inproceedings{bayes,
  title={Naive (Bayes) at forty: The independence assumption in information retrieval},
  author={Lewis, David D},
  booktitle={European conference on machine learning},
  pages={4--15},
  year={1998},
  organization={Springer}
}

@book{kleinbaum2002logistic,
  title={Logistic regression},
  author={Kleinbaum, David G and Dietz, K and Gail, M and Klein, Mitchel and Klein, Mitchell},
  year={2002},
  publisher={Springer}
}

@book{joachims2002learning,
  title={Learning to classify text using support vector machines},
  author={Joachims, Thorsten},
  volume={668},
  year={2002},
  publisher={Springer Science \& Business Media}
}

@article{liaw2002classification,
  title={Classification and regression by randomForest},
  author={Liaw, Andy and Wiener, Matthew and others},
  journal={R news},
  volume={2},
  number={3},
  pages={18--22},
  year={2002}
}
@article{Song2014,
author = {Song, Ge and Ye, Yunming and Du, Xiaolin and Huang, Xiaohui and Bie, Shifu},
year = {2014},
month = {05},
pages = {},
title = {Short Text Classification: A Survey},
volume = {9},
journal = {Journal of Multimedia},
doi = {10.4304/jmm.9.5.635-643}
}
@inproceedings{glove2014,
author = {Pennington, Jeffrey and Socher, Richard and Manning, Christoper},
year = {2014},
month = {01},
pages = {1532-1543},
title = {Glove: Global Vectors for Word Representation},
volume = {14},
journal = {EMNLP},
doi = {10.3115/v1/D14-1162}
}
@article{word2vec,
  title={Efficient Estimation of Word Representations in Vector Space},
  author={Tomas Mikolov and Kai Chen and Gregory S. Corrado and Jeffrey Dean},
  journal={CoRR},
  year={2013},
  volume={abs/1301.3781}
}
@article{Choudhury2015,
    author = {Choudhury, Sombuddha and Banerjee, Somnath and Naskar, Sudip Kumar and Rosso, Paolo and Bandyopadhyay, Sivaji},
    issn = {16130073},
    journal = {CEUR Workshop Proceedings},
    keywords = {Entity extraction,Named entity,Social media},
    mendeley-groups = {FRI-NLP},
    pages = {103--106},
    title = {{Entity extraction from social media using machine learning approaches}},
    volume = {1587},
    year = {2015}
}

@article{Sriram2010,
    author = {Sriram, Bharath and Fuhry, Dave and Demir, Engin and Ferhatosmanoglu, Hakan and Demirbas, Murat},
    isbn = {9781605588964},
    journal = {Proceedings of the 33rd international ACM SIGIR conference on Research$\backslash$r$\backslash$nand development in information retrieval},
    pages = {841--842},
    title = {{Short text classification in twitter to improve information filtering}},
    year = {2010}
}
@article{Yang2018,
    archivePrefix = {arXiv},
    arxivId = {1606.07006},
    author = {Yang, Xiao and Macdonald, Craig and Ounis, Iadh},
    doi = {10.1007/s10791-017-9319-5},
    eprint = {1606.07006},
    issn = {15737659},
    journal = {Information Retrieval Journal},
    keywords = {CNN,Election classification,Twitter,Word embedding,Word2vec},
    number = {2-3},
    pages = {183--207},
    title = {{Using word embeddings in Twitter election classification}},
    volume = {21},
    year = {2018}
}
@article{Dasgupta2016,
    author = {Dasgupta, Surajit and Kumar, Abhash and Das, Dipankar and Naskar, Sudip Kumar and Bandyopadhyay, Sivaji},
    issn = {16130073},
    journal = {CEUR Workshop Proceedings},
    keywords = {Information extraction,Information retrieval,Social media,Word embedding},
    number = {April},
    pages = {71--73},
    title = {{Word embeddings for information extraction from tweets}},
    volume = {1737},
    year = {2016}
    }

 @misc{11356/1230,
 title = {Morphological lexicon Sloleks 2.0},
 author = {Dobrovoljc, Kaja and Krek, Simon and Holozan, Peter and Erjavec, Toma{\v z} and Romih, Miro and Arhar Holdt, {\v S}pela and {\v C}ibej, Jaka and Krsnik, Luka and Robnik-{\v S}ikonja, Marko},
 url = {http://hdl.handle.net/11356/1230},
 note = {Slovenian language resource repository {CLARIN}.{SI}},
 copyright = {Creative Commons - Attribution-{NonCommercial}-{ShareAlike} 4.0 International ({CC} {BY}-{NC}-{SA} 4.0)},
 year = {2019} }

@misc{sloStopWords,
 title = {Automatically sentiment annotated Slovenian news corpus {AutoSentiNews} 1.0},
 author = {Bu{\v c}ar, Jo{\v z}e},
 url = {http://hdl.handle.net/11356/1109},
 note = {Slovenian language resource repository {CLARIN}.{SI}},
 copyright = {Creative Commons - Attribution-{ShareAlike} 4.0 International ({CC} {BY}-{SA} 4.0)},
 year = {2017} }

@article{scikit-learn,
 title={Scikit-learn: Machine Learning in {P}ython},
 author={Pedregosa, F. and Varoquaux, G. and Gramfort, A. and Michel, V.
         and Thirion, B. and Grisel, O. and Blondel, M. and Prettenhofer, P.
         and Weiss, R. and Dubourg, V. and Vanderplas, J. and Passos, A. and
         Cournapeau, D. and Brucher, M. and Perrot, M. and Duchesnay, E.},
 journal={Journal of Machine Learning Research},
 volume={12},
 pages={2825--2830},
 year={2011}
}

@article{devlin2018bert,
  title={Bert: Pre-training of deep bidirectional transformers for language understanding},
  author={Devlin, Jacob and Chang, Ming-Wei and Lee, Kenton and Toutanova, Kristina},
  journal={arXiv preprint arXiv:1810.04805},
  year={2018}
}

@article{peters2018deep,
  title={Deep contextualized word representations},
  author={Peters, Matthew E and Neumann, Mark and Iyyer, Mohit and Gardner, Matt and Clark, Christopher and Lee, Kenton and Zettlemoyer, Luke},
  journal={arXiv preprint arXiv:1802.05365},
  year={2018}
}

@article{fukunaga1975branch,
  title={A branch and bound algorithm for computing k-nearest neighbors},
  author={Fukunaga, Keinosuke and Narendra, Patrenahalli M.},
  journal={IEEE transactions on computers},
  volume={100},
  number={7},
  pages={750--753},
  year={1975},
  publisher={IEEE}
}

 @misc{elmosl,
 title = {{ELMo} embeddings models for seven languages},
 author = {Ul{\v c}ar, Matej},
 url = {http://hdl.handle.net/11356/1277},
 note = {Slovenian language resource repository {CLARIN}.{SI}},
 copyright = {{GNU} General Public Licence, version 3},
 year = {2019} }
